@book{Chen2014,
  title={Linear System Theory and Design},
  author={Chen, Chi-Tsong},
  isbn={9780199964543},
  year={2014},
  publisher={Oxford University Press, Incorporated}
}

@book{Nocedal2006,
author = {Nocedal, J. and Wright, S. J.},
edition = {second},
publisher = {Springer},
title = {{Numerical Optimization}},
year = {2006}
}

@book{assignment,
    title={Boat lab assignment Version 1.9},
    author={TAJ et al},
    year = {2018},
    publisher={Department of Engineering Cybernetics, NTNU}
}


@misc{Wiener-Kinchkin,
  title = {The Cross-Correlation and Wiener-Khinchin theorems\\},
  howpublished = {\url{https://authors.library.caltech.edu/11363/2/FISjns08supp.pdf}},
  note = {\\Accessed: 2018-11-24}
}

  
